@book{Lan07,
  title={Object-oriented metrics in practice: using software metrics to characterize, evaluate, and improve the design of object-oriented systems},
  author={Lanza, Michele and Marinescu, Radu},
  year={2007},
  publisher={Springer Science \& Business Media}
}
